<?xml version="1.0" encoding="UTF-8"?><collection xmlns="http://www.loc.gov/MARC21/slim"><record><leader>00569nam--2200193-i-4500</leader><controlfield tag="001">000042663</controlfield><controlfield tag="002">20161230</controlfield><controlfield tag="005">20161230201043</controlfield><controlfield tag="008">060222s1000------------r-----000-0-rum-d</controlfield><datafield ind1=" " ind2=" " tag="040"><subfield code="a">IFIN-HH</subfield></datafield><datafield ind1=" " ind2=" " tag="041"><subfield code="a">rum</subfield></datafield><datafield ind1=" " ind2=" " tag="080"><subfield code="a">534.86:681.586.54</subfield></datafield><datafield ind1="1" ind2=" " tag="100"><subfield code="a">Stanomir, Dumitru</subfield></datafield><datafield ind1="1" ind2="0" tag="245"><subfield code="a">Sisteme electroacustice. cimpul, radiatia si transductia</subfield><subfield code="c">Dumitru stanomir</subfield></datafield><datafield ind1=" " ind2=" " tag="260"><subfield code="a">Bucuresti, Editura Tehnica, 1984</subfield></datafield><datafield ind1=" " ind2=" " tag="300"><subfield code="a">316 P</subfield></datafield><datafield ind1=" " ind2=" " tag="490"><subfield code="a">Seria Practica: Automatica, Informatica, Electronica, Management</subfield></datafield><datafield ind1=" " ind2=" " tag="852"><subfield code="a">72033</subfield><subfield code="c">534</subfield></datafield><datafield ind1=" " ind2=" " tag="CAT"><subfield code="a">Sys</subfield><subfield code="c">20150805</subfield><subfield code="h">154153</subfield></datafield></record></collection>